@article{Ip2008,
	author = {Ip, E. and Lau, A. P. T. and Barros, D. J. F. and Kahn, J. M.},
	doi = {10.1364/OE.16.000753},
	issn = {1094-4087},
	journal = {Opt. Express},
	keywords = {Coherent communications,Fiber optics and optical communications,Heterodyne,Homodyning,Modulation,Phase modulation},
	mendeley-groups = {Coherent},
	number = {2},
	pages = {753--791},
	title = {{Coherent detection in optical fiber systems}},
	url = {http://www.opticsexpress.org/abstract.cfm?URI=oe-16-2-753},
	volume = {16},
	year = {2008}
}